@BOOK{Losee2001-cx,
  title     = "A historical introduction to the philosophy of science",
  author    = "Losee, John",
  publisher = "Oxford University Press",
  edition   =  4,
  month     =  mar,
  year      =  2001,
  address   = "London, England",
  language  = "en"
}
