@article{CW/E,
	year = {2009},
	publisher = {Illinois State University Physics Dept},
	author = {Carl J. Wenning},
	title = {Scientific Epistemology: How Scientists Know What They Know}
}
@book{Cartledge1998-CARDTG-3,
	title = {Democritus: The Great Philosophers},
	year = {1998},
	author = {R. Cartledge},
	publisher = {Routledge}
}

@InCollection{sep-democritus,
	author       =	{Berryman, Sylvia},
	title        =	{{Democritus}},
	booktitle    =	{The {Stanford} Encyclopedia of Philosophy},
	editor       =	{Edward N. Zalta and Uri Nodelman},
	howpublished =	{\url{https://plato.stanford.edu/archives/spr2023/entries/democritus/}},
	year         =	{2023},
	edition      =	{{S}pring 2023},
	publisher    =	{Metaphysics Research Lab, Stanford University}
}
@InCollection{sep-epistemology,
	author       =	{Steup, Matthias and Neta, Ram},
	title        =	{{Epistemology}},
	booktitle    =	{The {Stanford} Encyclopedia of Philosophy},
	editor       =	{Edward N. Zalta},
	howpublished =	{\url{https://plato.stanford.edu/archives/fall2020/entries/epistemology/}},
	year         =	{2020},
	edition      =	{{F}all 2020},
	publisher    =	{Metaphysics Research Lab, Stanford University}
}
@BOOK{Clegg2017-ev,
  title     = "Big data",
  author    = "Clegg, Brian",
  publisher = "Icon Books",
  series    = "Hot Science",
  month     =  aug,
  year      =  2017,
  address   = "Basingstoke, England"
}
