  @misc{ enwiki:1157726892,
    author = "{Wikipedia contributors}",
    title = "Mathematical induction --- {Wikipedia}{,} The Free Encyclopedia",
    year = "2023",
    url = "https://en.wikipedia.org/w/index.php?title=Mathematical_induction&oldid=1157726892",
    note = "[Online; accessed 5-June-2023]"
  }

  @InCollection{sep-platonism-mathematics,
	author       =	{Linnebo, Ã˜ystein},
	title        =	{{Platonism in the Philosophy of Mathematics}},
	booktitle    =	{The {Stanford} Encyclopedia of Philosophy},
	editor       =	{Edward N. Zalta and Uri Nodelman},
	howpublished =	{\url{https://plato.stanford.edu/archives/sum2023/entries/platonism-mathematics/}},
	year         =	{2023},
	edition      =	{{S}ummer 2023},
	publisher    =	{Metaphysics Research Lab, Stanford University}
}
@InCollection{sep-church-turing,
	author       =	{Copeland, B. Jack},
	title        =	{{The Church-Turing Thesis}},
	booktitle    =	{The {Stanford} Encyclopedia of Philosophy},
	editor       =	{Edward N. Zalta},
	howpublished =	{\url{https://plato.stanford.edu/archives/sum2020/entries/church-turing/}},
	year         =	{2020},
	edition      =	{{S}ummer 2020},
	publisher    =	{Metaphysics Research Lab, Stanford University}
}
@BOOK{Benson2006-jm,
  title     = "A Companion to Plato",
  editor    = "Benson, Hugh H",
  publisher = "Blackwell Publishing",
  series    = "Blackwell Companions to Philosophy",
  month     =  oct,
  year      =  2006,
  address   = "London, England",
  language  = "en"
}

@BOOK{Leary2019-ip,
  title     = "A friendly introduction to mathematical logic A friendly
               introduction to mathematical logic",
  author    = "Leary, Christopher C and Kristiansen, Lars",
  publisher = "Milne Library",
  month     =  jan,
  year      =  2019
}
@ARTICLE{Hajek2007-fq,
  title     = "Kurt G{\"o}del, completeness, incompleteness",
  author    = "H{\'a}jek, Petr",
  journal   = "J. Phys. Conf. Ser.",
  publisher = "IOP Publishing",
  volume    =  82,
  pages     = "012005",
  month     =  nov,
  year      =  2007
}
@ARTICLE{Tegmark2008-qv,
  title     = "The mathematical universe",
  author    = "Tegmark, Max",
  journal   = "Found. Phys.",
  publisher = "Springer Science and Business Media LLC",
  volume    =  38,
  number    =  2,
  pages     = "101--150",
  month     =  feb,
  year      =  2008,
  language  = "en"
}
@ARTICLE{Uspensky1995-sm,
  title     = "Raymond M. Smullyan. G{\"o}del's incompleteness theorems. Oxford
               logic guides, no. 19. Oxford University Press, New York and
               Oxford1992, xiii + 139 pp",
  author    = "Uspensky, Vladimir A and Plisko, Valery Ye",
  journal   = "J. Symb. Log.",
  publisher = "Cambridge University Press (CUP)",
  volume    =  60,
  number    =  4,
  pages     = "1320--1324",
  month     =  dec,
  year      =  1995,
  language  = "en"
}
